@article{PELTONEN201671,
title = "Constella: Crowdsourced system setting recommendations for mobile devices",
journal = "Pervasive and Mobile Computing",
volume = "26",
number = "Supplement C",
pages = "71 - 90",
year = "2016",
note = "Thirteenth International Conference on Pervasive Computing and Communications (PerCom 2015)",
issn = "1574-1192",
doi = "https://doi.org/10.1016/j.pmcj.2015.10.011",
url = "http://www.sciencedirect.com/science/article/pii/S1574119215001959",
author = "Ella Peltonen and Eemil Lagerspetz and Petteri Nurmi and Sasu Tarkoma",
keywords = "Mobile sensing",
keywords = "Energy-awareness",
keywords = "Energy modeling",
keywords = "System settings"
}

@INPROCEEDINGS{7146507, 
author={E. Peltonen and E. Lagerspetz and P. Nurmi and S. Tarkoma}, 
booktitle={2015 IEEE International Conference on Pervasive Computing and Communications (PerCom)}, 
title={Energy modeling of system settings: A crowdsourced approach}, 
year={2015}, 
volume={}, 
number={}, 
pages={37-45}, 
keywords={mobile computing;power aware computing;smart phones;battery consumption;battery discharge;battery models;crowdsourced approach;crowdsourced measurements;energy modeling;mobile device;multiple factors;optimizing battery;smartphone applications;smartphone users;Batteries;Battery charge measurement;Brightness;Context;Discharges (electric);IEEE 802.11 Standards;Mobile communication;Energy;Mobile;Subsystems}, 
doi={10.1109/PERCOM.2015.7146507}, 
ISSN={}, 
month={March},}

@article{Agrawal:1993:MAR:170036.170072,
 author = {Agrawal, Rakesh and Imieli\'{n}ski, Tomasz and Swami, Arun},
 title = {Mining Association Rules Between Sets of Items in Large Databases},
 journal = {SIGMOD Rec.},
 issue_date = {June 1, 1993},
 volume = {22},
 number = {2},
 month = jun,
 year = {1993},
 issn = {0163-5808},
 pages = {207--216},
 numpages = {10},
 url = {http://doi.acm.org.libproxy.helsinki.fi/10.1145/170036.170072},
 doi = {10.1145/170036.170072},
 acmid = {170072},
 publisher = {ACM},
 address = {New York, NY, USA},
} 

@article{Hipp:2000:AAR:360402.360421,
 author = {Hipp, Jochen and G\"{u}ntzer, Ulrich and Nakhaeizadeh, Gholamreza},
 title = {Algorithms for Association Rule Mining --- a General Survey and Comparison},
 journal = {SIGKDD Explor. Newsl.},
 issue_date = {June, 2000},
 volume = {2},
 number = {1},
 month = jun,
 year = {2000},
 pages = {58--64},
 numpages = {7},
 publisher = {ACM},
 address = {New York, NY, USA},
} 


@article{Han:2000:MFP:335191.335372,
 author = {Han, Jiawei and Pei, Jian and Yin, Yiwen},
 title = {Mining Frequent Patterns Without Candidate Generation},
 journal = {SIGMOD Rec.},
 issue_date = {June 2000},
 volume = {29},
 number = {2},
 month = may,
 year = {2000},
 issn = {0163-5808},
 pages = {1--12},
 numpages = {12},
 url = {http://doi.acm.org/10.1145/335191.335372},
 doi = {10.1145/335191.335372},
 acmid = {335372},
 publisher = {ACM},
 address = {New York, NY, USA},
} 

@inproceedings{Li:2008:PPF:1454008.1454027,
 author = {Li, Haoyuan and Wang, Yi and Zhang, Dong and Zhang, Ming and Chang, Edward Y.},
 title = {Pfp: Parallel Fp-growth for Query Recommendation},
 booktitle = {Proceedings of the 2008 ACM Conference on Recommender Systems},
 series = {RecSys '08},
 year = {2008},
 isbn = {978-1-60558-093-7},
 location = {Lausanne, Switzerland},
 pages = {107--114},
 numpages = {8},
 url = {http://doi.acm.org/10.1145/1454008.1454027},
 doi = {10.1145/1454008.1454027},
 acmid = {1454027},
 publisher = {ACM},
 address = {New York, NY, USA},
 keywords = {data mining, frequent itemset mining, parallel fp-growth},
}

@inproceedings{Oliner:2013:CCE:2517351.2517354,
 author = {Oliner, Adam J. and Iyer, Anand P. and Stoica, Ion and Lagerspetz, Eemil and Tarkoma, Sasu},
 title = {Carat: Collaborative Energy Diagnosis for Mobile Devices},
 booktitle = {Proceedings of the 11th ACM Conference on Embedded Networked Sensor Systems},
 series = {SenSys '13},
 year = {2013},
 isbn = {978-1-4503-2027-6},
 location = {Roma, Italy},
 pages = {10:1--10:14},
 articleno = {10},
 numpages = {14},
 url = {http://doi.acm.org/10.1145/2517351.2517354},
 doi = {10.1145/2517351.2517354},
 acmid = {2517354},
 publisher = {ACM},
 address = {New York, NY, USA},
 keywords = {analytics, battery, collaborative, diagnosis, energy, mobile},
}

@INPROCEEDINGS{7840871, 
author={E. Peltonen and E. Lagerspetz and P. Nurmi and S. Tarkoma}, 
booktitle={2016 IEEE International Conference on Big Data (Big Data)}, 
title={Too big to mail: On the way to publish large-scale mobile analytics data}, 
year={2016}, 
pages={2374-2377}, 
keywords={data analysis;data privacy;mobile computing;public domain software;Apache Spark;Apache Thrift;Carat analysis method;Carat application code;Carat project;data analysis;large-scale dataset;large-scale mobile analytics data publishing;mobile users;smart devices;Androids;Batteries;Data models;Data privacy;Humanoid robots;IEEE 802.11 Standard;Mobile communication;Big Data;Energy-awareness;Mobile Analytics}, 
doi={10.1109/BigData.2016.7840871}, 
month={Dec},}

@inproceedings{Webb:2001:DAN:502512.502569,
 author = {Webb, Geoffrey I.},
 title = {Discovering Associations with Numeric Variables},
 booktitle = {Proceedings of the Seventh ACM SIGKDD International Conference on Knowledge Discovery and Data Mining},
 series = {KDD '01},
 year = {2001},
 isbn = {1-58113-391-X},
 location = {San Francisco, California},
 pages = {383--388},
 numpages = {6},
 url = {http://doi.acm.org/10.1145/502512.502569},
 doi = {10.1145/502512.502569},
 acmid = {502569},
 publisher = {ACM},
 address = {New York, NY, USA},
 keywords = {Association Rule, Impact Rule, Numeric Data, Search},
}

@Inbook{Lud2000,
author="Lud, Marcus-Christopher
and Widmer, Gerhard",
editor="Zighed, Djamel A.
and Komorowski, Jan
and {\.{Z}}ytkow, Jan",
title="Relative Unsupervised Discretization for Association Rule Mining",
bookTitle="Principles of Data Mining and Knowledge Discovery: 4th European Conference, PKDD 2000 Lyon, France, September 13--16, 2000 Proceedings",
year="2000",
publisher="Springer Berlin Heidelberg",
address="Berlin, Heidelberg",
pages="148--158",
isbn="978-3-540-45372-7",
doi="10.1007/3-540-45372-5_15",
url="http://dx.doi.org/10.1007/3-540-45372-5_15"
}

@article{doi:10.1108/LR-06-2015-0061,
author = {Andrea De Mauro and Marco Greco and Michele Grimaldi},
title = {A formal definition of Big Data based on its essential features},
journal = {Library Review},
volume = {65},
number = {3},
pages = {122-135},
year = {2016},
doi = {10.1108/LR-06-2015-0061},
}

@inproceedings{Zaharia:2012:RDD:2228298.2228301,
 author = {Zaharia, Matei and Chowdhury, Mosharaf and Das, Tathagata and Dave, Ankur and Ma, Justin and McCauley, Murphy and Franklin, Michael J. and Shenker, Scott and Stoica, Ion},
 title = {Resilient Distributed Datasets: A Fault-tolerant Abstraction for In-memory Cluster Computing},
 booktitle = {Proceedings of the 9th USENIX Conference on Networked Systems Design and Implementation},
 series = {NSDI'12},
 year = {2012},
 location = {San Jose, CA},
 pages = {2--2},
 numpages = {1},
 acmid = {2228301},
 publisher = {USENIX Association},
 address = {Berkeley, CA, USA},
} 

@article{Dean:2008:MSD:1327452.1327492,
 author = {Dean, Jeffrey and Ghemawat, Sanjay},
 title = {MapReduce: Simplified Data Processing on Large Clusters},
 journal = {Commun. ACM},
 issue_date = {January 2008},
 volume = {51},
 number = {1},
 month = jan,
 year = {2008},
 issn = {0001-0782},
 pages = {107--113},
 numpages = {7},
 url = {http://doi.acm.org.libproxy.helsinki.fi/10.1145/1327452.1327492},
 doi = {10.1145/1327452.1327492},
 acmid = {1327492},
 publisher = {ACM},
 address = {New York, NY, USA},
} 

@INPROCEEDINGS{5357972,
author={G. P. Perrucci and F. H. P. Fitzek and G. Sasso and W. Kellerer and J. Widmer},
booktitle={2009 European Wireless Conference},
title={On the impact of 2G and 3G network usage for mobile phones' battery life},
year={2009},
volume={},
number={},
pages={255-259},
keywords={3G mobile communication;data communication;mobile handsets;2G network usage;3G network usage;mobile phone battery life;multimedia device;text messaging;voice communication;voice services;Batteries;Energy consumption;Energy measurement;Manufacturing;Mobile communication;Mobile handsets;Moore's Law;Social network services;Switches;Wireless LAN},
doi={10.1109/EW.2009.5357972},
ISSN={},
month={May},}

@INPROCEEDINGS{7176219, 
author={H. Qian and D. Andresen}, 
booktitle={2015 IEEE/ACIS 16th International Conference on Software Engineering, Artificial Intelligence, Networking and Parallel/Distributed Computing (SNPD)}, 
title={Reducing mobile device energy consumption with computation offloading}, 
year={2015}, 
volume={}, 
number={}, 
pages={1-8}, 
keywords={Android (operating system);application program interfaces;mobile computing;power aware computing;scheduling;Android application;Android devices;Jade API;code offloading;communication costs;distributed network;energy-aware computation offloading strategy;mobile device energy consumption reduction;native scheduling system;nonAndroid devices;power consumption;workload variation;Energy consumption;Engines;Mobile applications;Mobile handsets;Programming;Runtime;Servers;code offload;distributed computing;energy management;mobile computing;scheduling}, 
doi={10.1109/SNPD.2015.7176219}, 
ISSN={}, 
month={June},}


@article{KARABATAK20093465,
title = "An expert system for detection of breast cancer based on association rules and neural network",
journal = "Expert Systems with Applications",
volume = "36",
number = "2, Part 2",
pages = "3465 - 3469",
year = "2009",
issn = "0957-4174",
doi = "https://doi.org/10.1016/j.eswa.2008.02.064",
url = "http://www.sciencedirect.com/science/article/pii/S0957417408001103",
author = "Murat Karabatak and M. Cevdet Ince",
keywords = "Association rules, Neural network, Automatic detection, Breast cancer"
}

@article{KARABATAK201132,
title = "Wavelet domain association rules for efficient texture classification",
journal = "Applied Soft Computing",
volume = "11",
number = "1",
pages = "32 - 38",
year = "2011",
issn = "1568-4946",
doi = "https://doi.org/10.1016/j.asoc.2009.10.009",
url = "http://www.sciencedirect.com/science/article/pii/S1568494609001999",
author = "Murat Karabatak and M. Cevdet Ince and Abdulkadir Sengur",
keywords = "Wavelet decomposition, Association rules, Texture classification, Feature extraction"
}

@techreport{Agrawal:1994:FAM:645920.672836,
 author = {Rakesh Agrawal and Ramakrishnan Srikant},
 title = {Fast Algorithms for Mining Association Rules in Large Databases},
 year = {1994},
 institution = {IBM Almaden Research Center},
 address = {San Jose, California, USA},
 month={June}
}

@INPROCEEDINGS{Agrawal94fastalgorithms,
    author = {Rakesh Agrawal and Ramakrishnan Srikant},
    title = {Fast algorithms for mining association rules},
    booktitle = {Proceedings of the 20th International Conference on Very Large Data Bases},
    year = {1994},
    pages = {487--499},
    numpages = {13},
    series = {VLDB '94},
    publisher = {Morgan Kaufmann Publishers Inc.},
    address = {San Francisco, CA, USA}
}

@inproceedings{Ferreira:2014:CES:2628363.2628367,
 author = {Ferreira, Denzil and Goncalves, Jorge and Kostakos, Vassilis and Barkhuus, Louise and Dey, Anind K.},
 title = {Contextual Experience Sampling of Mobile Application Micro-usage},
 booktitle = {Proceedings of the 16th International Conference on Human-computer Interaction with Mobile Devices \&\#38; Services},
 series = {MobileHCI '14},
 year = {2014},
 isbn = {978-1-4503-3004-6},
 location = {Toronto, ON, Canada},
 pages = {91--100},
 numpages = {10},
 url = {http://doi.acm.org/10.1145/2628363.2628367},
 doi = {10.1145/2628363.2628367},
 acmid = {2628367},
 publisher = {ACM},
 address = {New York, NY, USA},
 keywords = {context-awareness, design implications, mobile automated logging},
}

@inproceedings{Falaki:2010:DSU:1814433.1814453,
 author = {Falaki, Hossein and Mahajan, Ratul and Kandula, Srikanth and Lymberopoulos, Dimitrios and Govindan, Ramesh and Estrin, Deborah},
 title = {Diversity in Smartphone Usage},
 booktitle = {Proceedings of the 8th International Conference on Mobile Systems, Applications, and Services},
 series = {MobiSys '10},
 year = {2010},
 isbn = {978-1-60558-985-5},
 location = {San Francisco, California, USA},
 pages = {179--194},
 numpages = {16},
 url = {http://doi.acm.org/10.1145/1814433.1814453},
 doi = {10.1145/1814433.1814453},
 acmid = {1814453},
 publisher = {ACM},
 address = {New York, NY, USA},
 keywords = {smartphone usage, user behavior},
}

@INPROCEEDINGS{5375354, 
author={A. Shye and B. Scholbrock and G. Memik}, 
booktitle={2009 42nd Annual IEEE/ACM International Symposium on Microarchitecture (MICRO)}, 
title={Into the wild: Studying real user activity patterns to guide power optimizations for mobile architectures}, 
year={2009}, 
volume={}, 
number={}, 
pages={168-178}, 
keywords={computer architecture;human factors;mobile handsets;optimisation;power aware computing;power consumption;regression analysis;Android G1 mobile phones;CPU;active screen time;battery-driven devices;energy consumption;mobile architectures;power optimizations;real user activity patterns;regression-based power estimation model;user satisfaction;Brightness;Computer architecture;Energy consumption;Hardware;Mobile computing;Mobile handsets;Permission;Pervasive computing;Power measurement;Predictive models;Design;Human Factors;Measurement}, 
doi={10.1145/1669112.1669135}, 
ISSN={1072-4451}, 
month={Dec},}

@article{Wagner:2014:DAL:2627534.2627553,
 author = {Wagner, Daniel T. and Rice, Andrew and Beresford, Alastair R.},
 title = {Device Analyzer: Large-scale Mobile Data Collection},
 journal = {SIGMETRICS Perform. Eval. Rev.},
 issue_date = {March 2014},
 volume = {41},
 number = {4},
 month = apr,
 year = {2014},
 issn = {0163-5999},
 pages = {53--56},
 numpages = {4},
 url = {http://doi.acm.org/10.1145/2627534.2627553},
 doi = {10.1145/2627534.2627553},
 acmid = {2627553},
 publisher = {ACM},
 address = {New York, NY, USA},
}

@inproceedings{Oliver:2010:CLS:1834616.1834623,
 author = {Oliver, Earl},
 title = {The Challenges in Large-scale Smartphone User Studies},
 booktitle = {Proceedings of the 2Nd ACM International Workshop on Hot Topics in Planet-scale Measurement},
 series = {HotPlanet '10},
 year = {2010},
 isbn = {978-1-4503-0177-0},
 location = {San Francisco, California},
 pages = {5:1--5:5},
 articleno = {5},
 numpages = {5},
 url = {http://doi.acm.org/10.1145/1834616.1834623},
 doi = {10.1145/1834616.1834623},
 acmid = {1834623},
 publisher = {ACM},
 address = {New York, NY, USA},
}

@TECHREPORT{Oliver_datadriven,
    author = {Earl Oliver and S. Keshav},
    title = {Data Driven Smartphone Energy Level Prediction},
    institution = {University of Waterloo},
    address = {Waterloo, Ontario, Canada},
    year = {2010}
}

@inproceedings{Oliner:2012:CED:2387858.2387864,
 author = {Oliner, Adam J. and Iyer, Anand and Lagerspetz, Eemil and Tarkoma, Sasu and Stoica, Ion},
 title = {Collaborative Energy Debugging for Mobile Devices},
 booktitle = {Proceedings of the Eighth USENIX Conference on Hot Topics in System Dependability},
 series = {HotDep'12},
 year = {2012},
 location = {Hollywood, CA},
 pages = {6--6},
 numpages = {1},
 url = {http://dl.acm.org/citation.cfm?id=2387858.2387864},
 acmid = {2387864},
 publisher = {USENIX Association},
 address = {Berkeley, CA, USA},
}

@INPROCEEDINGS{6240745, 
author={G. Kalic and I. Bojic and M. Kusek}, 
booktitle={2012 Proceedings of the 35th International Convention MIPRO}, 
title={Energy consumption in android phones when using wireless communication technologies}, 
year={2012}, 
volume={}, 
number={}, 
pages={754-759}, 
doi={}, 
ISSN={}, 
month={May},}

@misc{ITUstats,
  title = {{International Telecommunication Union, ICT Statistics}},
  howpublished = "\url{https://www.itu.int/en/ITU-D/Statistics/Pages/stat/default.aspx}",
  year = {2018}, 
  note = "[Online; accessed 27-March-2018]"
}